
@article{RogEtAl14,
	title = {Random-order-of-service for heterogeneous customers: waiting time analysis},
	volume = {226},
	issn = {0254-5330, 1572-9338},
	shorttitle = {Random-order-of-service for heterogeneous customers},
	abstract = {In operations research and networking problems, random-order-of-service (ROS) provides a well-known alternative to the classic first-come-first-served (FCFS) policy. Models with ROS policy are typically harder to analyze than their FCFS counterparts, with some performance measures notoriously hard to obtain. While significant progress has been realized in the analysis of random-order-of-service models with homogeneous customer service demands, the impact of heterogeneous customer demand is largely unknown. The current contribution studies this impact, with a discrete-time random-order-of-service queue serving customers with heterogeneous demands. Customer service times are independent random variables with type-dependent distribution. The numbers of new arrivals in each slot are independent and identically distributed over time, but can be type-correlated within a single slot. This corresponds to bursty input traffic generated by a finite number of sources, with one source for each type. The burstiness consists in correlation among sources (or types): the rate at which a source generates customers depends on the instantaneous rate of all other sources (and vice versa). Using a transform-based approach yields closed-form formulas for the first few moments of the customer waiting time. Facilitator is a multi-stage description of the customer sojourn, which allows establishing a relation between the so-called conditional waiting time and the actual steady-state customer waiting time. A somewhat unexpected result shows that, under certain conditions on the arrival and service processes, the random-order-of-service policy outperforms the first-come-first-served policy in terms of mean waiting time. A number of numerical examples illustrate this finding.},
	language = {en},
	number = {1},
	urldate = {2016-07-27},
	journal = {Ann Oper Res},
	author = {Rogiest, W. and Laevens, K. and Walraevens, J. and Bruneel, H.},
	month = sep,
	year = {2014},
	pages = {527--550},
	file = {Full Text PDF:C\:\\Users\\Reza\\AppData\\Roaming\\Zotero\\Zotero\\Profiles\\5hlf7mlf.default\\zotero\\storage\\K678HGVS\\Rogiest et al. - 2014 - Random-order-of-service for heterogeneous customer.pdf:application/pdf;Snapshot:C\:\\Users\\Reza\\AppData\\Roaming\\Zotero\\Zotero\\Profiles\\5hlf7mlf.default\\zotero\\storage\\HFGE53QB\\s10479-014-1721-4.html:text/html}
}

@article{RogEtAl15,
	title = {When {Random}-{Order}-of-{Service} outperforms {First}-{Come}-{First}-{Served}},
	volume = {43},
	issn = {0167-6377},
	number = {5},
	urldate = {2016-07-27},
	journal = {Operations Research Letters},
	author = {Rogiest, W. and Laevens, K. and Walraevens, J. and Bruneel, H.},
	month = sep,
	year = {2015},
	keywords = {First-Come-First-Served, Markov-Modulated Poisson Process, Random-Order-of-Service, Scheduling policies},
	pages = {504--506}
}

@article{KimKim12,
	title = {Large deviations of the waiting time in the {GI}/{G}/1 queue with random order service},
	volume = {74},
	issn = {0257-0130, 1572-9443},
	language = {en},
	number = {4},
	urldate = {2016-07-27},
	journal = {Queueing Syst},
	author = {Kim, Bara and Kim, Jeongsim},
	month = nov,
	year = {2012},
	pages = {431--443},
	file = {Full Text PDF:C\:\\Users\\Reza\\AppData\\Roaming\\Zotero\\Zotero\\Profiles\\5hlf7mlf.default\\zotero\\storage\\I9W2G2C5\\Kim and Kim - 2012 - Large deviations of the waiting time in the GIG1.pdf:application/pdf;Snapshot:C\:\\Users\\Reza\\AppData\\Roaming\\Zotero\\Zotero\\Profiles\\5hlf7mlf.default\\zotero\\storage\\GXXDU2XK\\s11134-012-9331-9.html:text/html}
}

@article{CofMunTro70,
	title = {Waiting {Time} {Distributions} for {Processor}-{Sharing} {Systems}},
	volume = {17},
	issn = {0004-5411},
	number = {1},
	urldate = {2016-07-23},
	journal = {J. ACM},
	author = {Coffman, Jr., E. G. and Muntz, R. R. and Trotter, H.},
	month = jan,
	year = {1970},
	pages = {123--130},
	file = {ACM Full Text PDF:C\:\\Users\\Reza\\AppData\\Roaming\\Zotero\\Zotero\\Profiles\\5hlf7mlf.default\\zotero\\storage\\NG435BXA\\Coffman et al. - 1970 - Waiting Time Distributions for Processor-Sharing S.pdf:application/pdf}
}

@article{Fla97,
	title = {The waiting time distribution for the random order service \${M}/{M}/1\$ queue},
	volume = {7},
	issn = {1050-5164, 2168-8737},
	number = {2},
	urldate = {2016-07-23},
	journal = {Ann. Appl. Probab.},
	author = {Flatto, L.},
	month = may,
	year = {1997},
	mrnumber = {MR1442319},
	zmnumber = {0883.60086},
	keywords = {\$M/M/1\$ queue, Little's law, random order service discipline, waiting time distribution},
	pages = {382--409},
	file = {euclid.aoap.1034625337.pdf:C\:\\Users\\Reza\\AppData\\Roaming\\Zotero\\Zotero\\Profiles\\5hlf7mlf.default\\zotero\\storage\\EENBPK8J\\euclid.aoap.1034625337.pdf:application/pdf;Snapshot:C\:\\Users\\Reza\\AppData\\Roaming\\Zotero\\Zotero\\Profiles\\5hlf7mlf.default\\zotero\\storage\\BHPJC7TD\\1034625337.html:text/html}
}

@article{IzaVerAye15,
	title = {{HEAVY}-{TRAFFIC} {ANALYSIS} {OF} {A} {NON}-{PREEMPTIVE} {MULTI}-{CLASS} {QUEUE} {WITH} {RELATIVE} {PRIORITIES}},
	volume = {29},
	issn = {1469-8951},
	number = {02},
	urldate = {2016-07-27},
	journal = {Probability in the Engineering and Informational Sciences},
	author = {Izagirre, A. and Verloop, I.m. and Ayesta, U.},
	month = apr,
	year = {2015},
	pages = {153--180},
	file = {Cambridge Journals Snapshot:C\:\\Users\\Reza\\AppData\\Roaming\\Zotero\\Zotero\\Profiles\\5hlf7mlf.default\\zotero\\storage\\5DJZSAQG\\displayAbstract.html:text/html;Full Text PDF:C\:\\Users\\Reza\\AppData\\Roaming\\Zotero\\Zotero\\Profiles\\5hlf7mlf.default\\zotero\\storage\\CJZSCS7N\\Izagirre et al. - 2015 - HEAVY-TRAFFIC ANALYSIS OF A NON-PREEMPTIVE MULTI-C.pdf:application/pdf}
}

@article{BoxEtAL15,
	title = {Waiting {Time} {Asymptotics} in the {Single} {Server} {Queue} with {Service} in {Random} {Order}},
	volume = {46},
	issn = {0257-0130, 1572-9443},
	language = {en},
	number = {1-2},
	urldate = {2016-07-27},
    year = {2015},
	journal = {Queueing Systems},
	author = {Boxma, O. J. and Foss, S. G. and Lasgouttes, J.-M. and Queija, R.},
	pages = {35--73},
	file = {Full Text PDF:C\:\\Users\\Reza\\AppData\\Roaming\\Zotero\\Zotero\\Profiles\\5hlf7mlf.default\\zotero\\storage\\T6F8QNX6\\Boxma et al. - Waiting Time Asymptotics in the Single Server Queu.pdf:application/pdf;Snapshot:C\:\\Users\\Reza\\AppData\\Roaming\\Zotero\\Zotero\\Profiles\\5hlf7mlf.default\\zotero\\storage\\CCRRE9A8\\BQUES.0000021141.02821.html:text/html}
}

@article{KimKimKim11,
	title = {Analysis of the {M}/{G}/1 queue with discriminatory random order service policy},
	volume = {68},
	issn = {0166-5316},
	number = {3},
	urldate = {2016-07-27},
	journal = {Performance Evaluation},
	author = {Kim, Jeongsim and Kim, Jerim and Kim, Bara},
	month = mar,
	year = {2011},
	keywords = {Discriminatory random order service policy, M/G/1 queue, Queue length distribution, waiting time distribution},
	pages = {256--270},
	file = {ScienceDirect Full Text PDF:C\:\\Users\\Reza\\AppData\\Roaming\\Zotero\\Zotero\\Profiles\\5hlf7mlf.default\\zotero\\storage\\VT22ES8J\\Kim et al. - 2011 - Analysis of the MG1 queue with discriminatory ra.pdf:application/pdf;ScienceDirect Snapshot:C\:\\Users\\Reza\\AppData\\Roaming\\Zotero\\Zotero\\Profiles\\5hlf7mlf.default\\zotero\\storage\\SA5JH8HK\\S0166531610001707.html:text/html}
}

@article{Gro04,
	title = {Diffusion approximation for a processor sharing queue in heavy traffic},
    year = {2004},
	volume = {14},
	issn = {1050-5164, 2168-8737},
	number = {2},
	urldate = {2016-07-28},
	journal = {Ann. Appl. Probab.},
	author = {Gromoll, H. Christian},
	mrnumber = {MR2052895},
	zmnumber = {1050.60085},
	keywords = {diffusion approximation, Heavy traffic, measure valued process, Processor sharing queue, state space collapse},
	pages = {555--611},
	file = {euclid.aoap.1082737104.pdf:C\:\\Users\\Reza\\AppData\\Roaming\\Zotero\\Zotero\\Profiles\\5hlf7mlf.default\\zotero\\storage\\G9B4XTTT\\euclid.aoap.1082737104.pdf:application/pdf;Snapshot:C\:\\Users\\Reza\\AppData\\Roaming\\Zotero\\Zotero\\Profiles\\5hlf7mlf.default\\zotero\\storage\\G6WSTDGG\\1082737104.html:text/html}
}

@article{BorEtAl03,
	title = {The equivalence between processor sharing and service in random order},
	volume = {31},
	issn = {0167-6377},
	number = {4},
	urldate = {2016-07-23},
	journal = {Operations Research Letters},
	author = {Borst, S. C. and Boxma, O. J. and Morrison, J. A. and Núñez Queija, R.},
	month = jul,
	year = {2003},
	pages = {254--262},
	file = {ScienceDirect Full Text PDF:C\:\\Users\\Reza\\AppData\\Roaming\\Zotero\\Zotero\\Profiles\\5hlf7mlf.default\\zotero\\storage\\32UC9B5V\\Borst et al. - 2003 - The equivalence between processor sharing and serv.pdf:application/pdf;ScienceDirect Snapshot:C\:\\Users\\Reza\\AppData\\Roaming\\Zotero\\Zotero\\Profiles\\5hlf7mlf.default\\zotero\\storage\\P5SV45EP\\S0167637703000063.html:text/html}
}

@article{Zwa05,
	title = {Heavy-traffic asymptotics for the single-server queue with random order of service},
	volume = {33},
	issn = {0167-6377},
	number = {5},
	urldate = {2016-07-27},
	journal = {Operations Research Letters},
	author = {Zwart, Bert},
	month = sep,
	year = {2005},
	keywords = {Heavy traffic, Joint queue length and workload distribution, Random order of service, Single-server queue, Snapshot principle, State-space collapse},
	pages = {511--518},
	file = {ScienceDirect Full Text PDF:C\:\\Users\\Reza\\AppData\\Roaming\\Zotero\\Zotero\\Profiles\\5hlf7mlf.default\\zotero\\storage\\EA7VXWJT\\Zwart - 2005 - Heavy-traffic asymptotics for the single-server qu.pdf:application/pdf;ScienceDirect Snapshot:C\:\\Users\\Reza\\AppData\\Roaming\\Zotero\\Zotero\\Profiles\\5hlf7mlf.default\\zotero\\storage\\TNS5UDJ3\\S0167637704001348.html:text/html}
}

@article{Kin62,
	title = {On queues in which customers are served in random order},
	volume = {58},
	issn = {1469-8064},
	number = {01},
	urldate = {2016-07-28},
	journal = {Mathematical Proceedings of the Cambridge Philosophical Society},
	author = {Kingman, J. F. C.},
	month = jan,
	year = {1962},
	pages = {79--91},
	file = {Cambridge Journals Snapshot:C\:\\Users\\Reza\\AppData\\Roaming\\Zotero\\Zotero\\Profiles\\5hlf7mlf.default\\zotero\\storage\\PGKGNVER\\displayAbstract.html:text/html;Full Text PDF:C\:\\Users\\Reza\\AppData\\Roaming\\Zotero\\Zotero\\Profiles\\5hlf7mlf.default\\zotero\\storage\\9TFM4VKA\\Kingman - 1962 - On queues in which customers are served in random .pdf:application/pdf}
}

@article{Kin82,
	title = {Queue {Disciplines} in {Heavy} {Traffic}},
	volume = {7},
	issn = {0364-765X},
	number = {2},
	urldate = {2016-07-28},
	journal = {Mathematics of OR},
	author = {Kingman, J. F. C.},
	month = may,
	year = {1982},
	pages = {262--271},
	file = {Snapshot:C\:\\Users\\Reza\\AppData\\Roaming\\Zotero\\Zotero\\Profiles\\5hlf7mlf.default\\zotero\\storage\\STJMUDJB\\moor.7.2.html:text/html}
}

@article{AyeIgaVer11,
	title = {Heavy {Traffic} {Analysis} of the {Discriminatory} {Randomorderofservice} {Discipline}},
	volume = {39},
	issn = {0163-5999},
	number = {2},
	urldate = {2016-07-27},
	journal = {SIGMETRICS Perform. Eval. Rev.},
	author = {Ayesta, U. and Izagirre, A. and Verloop, I. M.},
	month = sep,
	year = {2011},
	pages = {41--43},
	file = {ACM Full Text PDF:C\:\\Users\\Reza\\AppData\\Roaming\\Zotero\\Zotero\\Profiles\\5hlf7mlf.default\\zotero\\storage\\26UVVQH7\\Ayesta et al. - 2011 - Heavy Traffic Analysis of the Discriminatory Rando.pdf:application/pdf}
}

@article{CarCoo72,
	title = {Queues with {Service} in {Random} {Order}},
	volume = {20},
	issn = {0030-364X},
	number = {2},
	urldate = {2016-07-28},
	journal = {Operations Research},
	author = {Carter, Grace M. and Cooper, Robert B.},
	year = {1972},
	pages = {389--405}
}





@article{GamSto12,
year={2012},
issn={0257-0130},
journal={Queueing Systems},
volume={71},
number={1-2},
title={Multiclass multiserver queueing system in the {H}alfin-{W}hitt heavy traffic regime: asymptotics of the stationary distribution},
publisher={Springer US},
keywords={Multiclass multiserver system; Heavy traffic; Stationary distribution asymptotics; Limit interchange; Exponential bounds; 90B15; 60K25; 60F10},
author={Gamarnik, David and Stolyar, Alexander L.},
pages={25-51},
language={English}
}




@article{DaiHeTez10,
author = "Dai, J. G. and He, S. and Tezcan, T.",
fjournal = "The Annals of Applied Probability",
journal = "Ann. Appl. Probab.",
month = "10",
number = "5",
pages = "1854--1890",
publisher = "The Institute of Mathematical Statistics",
title = "Many-server diffusion limits for {G}/{Ph}/n+{GI} queues",
volume = "20",
year = "2010"
}





@article{DaiDieGa014,
year={2014},
issn={0257-0130},
journal={Queueing Systems},
volume={78},
number={1},
title={Validity of heavy-traffic steady-state approximations in many-server queues with abandonment},
publisher={Springer US},
keywords={Diffusion approximations; Stationary distribution; Geometric Lyapunov function; Weak convergence; Multi-server queues; Customer abandonment; Halfin–Whitt regime; Phase-type distribution; Piecewise OU processes; 60K25; 93E15; 60J70},
author={Dai, J.G. and Dieker, A.B. and Gao, Xuefeng},
pages={1-29},
language={English}
}




@book{kallenberg,
  title={Random Measures, Theory and Applications},
  author={Kallenberg, O.},
  isbn={9783319415987},
  series={Probability Theory and Stochastic Modelling},
  year={2017},
  publisher={Springer International Publishing}
}




@book{BremaudBook,
  title={Point Processes and Queues: Martingale Dynamics: Martingale Dynamics},
  author={Bremaud, P.},
  isbn={9780387905365},
  lccn={81008791},
  series={Advances in Physical Geochemistry},
  year={1981},
  publisher={Springer}
}



@book{KurtzBook,
  title={Markov processes: characterization and convergence},
  author={Ethier, S.N. and Kurtz, T.G.},
  lccn={85012078},
  series={Wiley series in probability and mathematical statistics. Probability and mathematical statistics},
  year={1986},
  publisher={Wiley}
}



@book {RogWilbook1,
    AUTHOR = {Rogers, L. C. G. and Williams, D.},
     TITLE = {Diffusions, {M}arkov processes, and Martingales. {V}ol. 1},
    SERIES = {Cambridge Mathematical Library},
 PUBLISHER = {Cambridge University Press, Cambridge},
      YEAR = {2000},
     PAGES = {xx+386},
      ISBN = {0-521-77594-9},
   MRCLASS = {60J60 (60G07 60H05 60J25)},
  MRNUMBER = {1796539 (2001g:60188)}
}



@book {RogWilbook2,
    AUTHOR = {Rogers, L. C. G. and Williams, D.},
     TITLE = {Diffusions, {M}arkov processes, and Martingales. {V}ol. 2},
    SERIES = {Cambridge Mathematical Library},
 PUBLISHER = {Cambridge University Press, Cambridge},
      YEAR = {2000},
     PAGES = {xiv+480},
      ISBN = {0-521-77593-0},
   MRCLASS = {60J60 (60G07 60H05 60J25)},
  MRNUMBER = {1780932 (2001g:60189)}
 }


@book{CheYao2001,
  title={Fundamentals of Queueing Networks: Performance, Asymptotics, and Optimization},
  author={Chen, H. and Yao, D.},
  isbn={9780387951669},
  lccn={00052280},
  series={Applications of mathematics : stochastic modelling and applied probability},
  year={2001},
  publisher={Springer}
}



@book{klebBook,
  title={Introduction to Stochastic Calculus with Applications},
  author={Klebaner, F. C.},
  isbn={9781860945557},
  lccn={2006272433},
  series={Introduction to Stochastic Calculus with Applications},
  year={2005},
  publisher={Imperial College Press}
}


@article {Jak86,
    AUTHOR = {Jakubowski, A.},
     TITLE = {On the {S}korokhod topology},
   JOURNAL = {Ann. Inst. H. Poincar\'e Probab. Statist.},
  FJOURNAL = {Annales de l'Institut Henri Poincar\'e. Probabilit\'es et
              Statistique},
    VOLUME = {22},
      YEAR = {1986},
    NUMBER = {3},
     PAGES = {263--285},
      ISSN = {0246-0203},
     CODEN = {AHPBAR},
   MRCLASS = {60B05 (60F17 60G05)},
  MRNUMBER = {871083 (89a:60008)},
MRREVIEWER = {Nguy{\cftil{e}}n Duy Ti{\cftil{e}}n},
}



@book{Asm03,
AUTHOR ={Asmussen, S.},
TITLE = {Applied Probability and Queues},
YEAR = {2003},
PUBLISHER = {Springer-Verlag},
EDITION = {2nd Edition}
}


@BOOK{BillingsleyBook,
AUTHOR ="Billingsley, P.",
TITLE ="Convergence of Probability Measures",
YEAR =1968,
PUBLISHER ="John Wiley",
ADDRESS ="New York"
}


@unpublished{AghRam17,
AUTHOR ="Aghajani, R. and Ramanan, K.",
TITLE ="The hydrodynamic limit of a randomized load balancing network",
YEAR =2017,
Note ="arXiv:1707.02005 [math.PR]"
}

@book{Huberbook,
AUTHOR ="Huber, P. J.",
TITLE ="Robust Statistics",
YEAR =1981,
PUBLISHER ="John Wiley \& Sons",
ADDRESS ="New York"
}

